@article{rasmussen38gaussian,
  title={{Gaussian Processes for Machine Learning}},
  author={Rasmussen, C.E. and Williams, CKI},
  journal={The MIT Press, Cambridge, MA, USA},
  year={2006},
}

@inproceedings{duvenaud2011additive11,
  cat =		 {gp},
  booktitle = {Advances in Neural Information Processing Systems 25},
  title =	 {Additive {G}aussian Processes},
  author =	 {David Duvenaud and Hannes Nickisch and Carl Edward Rasmussen},
  year =	 2011,
  address =	 {Granada, Spain},
  month =	 {December},
  pages =	 {1--8},
  annote =	 {}
}


@inproceedings{grosse2012exploiting,
  title={Exploiting compositionality to explore a large space of model structures},
  author={Grosse, R.B. and Salakhutdinov, R. and Tenenbaum, J.B.},
  booktitle={Uncertainty in Artificial Intelligence},
  year={2012}
}


